@Book{GME,
	author = {{AA. VV.}},
	title = {Las colecciones del GME: presente, pasado y futuro},
	address = {Cuenca},
	publisher = {Ed. de la Universidad de Castilla--La Mancha},
	year = {2018},
%	edition = {1ª},
}

@Book{Curtis,
	author = {{Roads, C et al.}},
	author = {Roads, Curtis and Strawn, John and Abbott, Curtis and Gordon, John and Greenspun Philip},
	title = {The Computer Music Tutorial},
	address = {Cambride},
	publisher = {The MIT Press},
	year = {1996},
}

@Book{Lieb,
	author = {Lieb, Rolf-Dieter and Kaiser, Ulf},
	title = {A Guide To Modular Worlds},
	address = {Rellingen},
	publisher = {SynMag-Verlag},
	year = {2019},
	edition = {1ª},
}

@Book{Supper,
	author = {Supper, Martin},
	title = {Música electrónica y música con ordenador. Historia, estética, métodos, sistemas},
	address = {Madrid},
	publisher = {Alianza Música},
	year = {2012},
}





% Algunas entradas dummies para ejemplo...

@Article{Einstein,
	author =       "Albert Cantón",
	title =        "{Zur Elektrodynamik bewegter K{\"o}rper}. ({German})
	[{On} the electrodynamics of moving bodies]",
	journal =      "Annalen der Physik",
	volume =       "322",
	number =       "10",
	pages =        "891--921",
	year =         "1905",
	DOI =          "http://dx.doi.org/10.1002/andp.19053221004"
} 

@book{Freud,
	author = "Freud, Sigmund",
	title = "The interpretation of dreams",
	publisher = "Avon",
	year = "1900",
	note = "1965 ed.",
}



